<?xml version="1.0" encoding="UTF-8"?><collection xmlns="http://www.loc.gov/MARC21/slim"><record><leader>00493nam--2200181-u-4500</leader><controlfield tag="001">000050360</controlfield><controlfield tag="002">20161230</controlfield><controlfield tag="005">20161230201048</controlfield><controlfield tag="008">070129s1000------------r-----000-0-eng-d</controlfield><datafield ind1=" " ind2=" " tag="020"><subfield code="a">0521566312</subfield></datafield><datafield ind1=" " ind2=" " tag="040"><subfield code="a">IFIN-HH</subfield></datafield><datafield ind1="1" ind2=" " tag="100"><subfield code="a">Padmanabhan, T</subfield></datafield><datafield ind1="1" ind2="0" tag="245"><subfield code="a">Theoretical astrophysics</subfield><subfield code="c">T. padmanbhan</subfield></datafield><datafield ind1=" " ind2=" " tag="260"><subfield code="a">Cambridge</subfield><subfield code="b">Cambridge University Press</subfield><subfield code="c">2000</subfield></datafield><datafield ind1=" " ind2=" " tag="300"><subfield code="a">2 VOLUME</subfield></datafield><datafield ind1="0" ind2=" " tag="787"><subfield code="a">Vol. 2</subfield><subfield code="h">575p</subfield><subfield code="t">Stars And Stellar Systems</subfield></datafield><datafield ind1=" " ind2=" " tag="852"><subfield code="a">81364</subfield><subfield code="c">523</subfield></datafield><datafield ind1=" " ind2=" " tag="CAT"><subfield code="a">Sys</subfield><subfield code="c">20141210</subfield><subfield code="h">160539</subfield></datafield></record></collection>